<collection xmlns="http://www.loc.gov/MARC21/slim">
<record>
  <leader>01602nam0a22003011i 450 </leader>
  <controlfield tag="001">IT\ICCU\CNCE\033910</controlfield>
  <controlfield tag="005">20130124000000.0</controlfield>
  <datafield tag="012" ind1=" " ind2=" ">
    <subfield code="a">a-st o-i- m.o- esi- (C) 1598 (R)</subfield>
    <subfield code="2">fei</subfield>
  </datafield>
  <datafield tag="100" ind1=" " ind2=" ">
    <subfield code="a">19971223d1598        0itac0103    ba</subfield>
  </datafield>
  <datafield tag="101" ind1=" " ind2=" ">
    <subfield code="a">LAT</subfield>
  </datafield>
  <datafield tag="102" ind1=" " ind2=" ">
    <subfield code="a">IT</subfield>
  </datafield>
  <datafield tag="200" ind1="1" ind2=" ">
    <subfield code="a">Illustrissimo et excellentissimo ... Don Antonio de Cordoua ... Oratori ... regis Philippi Hispaniarum apud ... Clementem Octauum optimum &amp; maximum Pontificem ... Caesar de Sanctis Romanus D. Mariani Sancti Barolitani ... filius perpetuam sollicitatem praecatur</subfield>
  </datafield>
  <datafield tag="210" ind1=" " ind2=" ">
    <subfield code="a">Romae</subfield>
    <subfield code="c">apud impressores camerales</subfield>
    <subfield code="d">1598</subfield>
  </datafield>
  <datafield tag="215" ind1=" " ind2=" ">
    <subfield code="a">\4! c.</subfield>
    <subfield code="d">4ʻ</subfield>
  </datafield>
  <datafield tag="620" ind1=" " ind2=" ">
    <subfield code="a">IT</subfield>
    <subfield code="d">Roma</subfield>
  </datafield>
  <datafield tag="700" ind1=" " ind2="1">
    <subfield code="a">Santo,</subfield>
    <subfield code="b">Cesare</subfield>
    <subfield code="3">IT\ICCU\CNCA\007405</subfield>
  </datafield>
  <datafield tag="712" ind1="0" ind2="2">
    <subfield code="a">Stamperia Camerale</subfield>
    <subfield code="c"> &lt;Roma&gt;</subfield>
    <subfield code="3">IT\ICCU\CNCT\002461</subfield>
    <subfield code="4">650</subfield>
  </datafield>
  <datafield tag="790" ind1=" " ind2="1">
    <subfield code="a">Sanctis,</subfield>
    <subfield code="b">Caesar : de</subfield>
    <subfield code="3">IT\ICCU\CNCA\024188</subfield>
    <subfield code="z">Santo, Cesare</subfield>
  </datafield>
  <datafield tag="790" ind1=" " ind2="1">
    <subfield code="a">Sanctus,</subfield>
    <subfield code="b">Caesar</subfield>
    <subfield code="3">IT\ICCU\CNCA\024189</subfield>
    <subfield code="z">Santo, Cesare</subfield>
  </datafield>
  <datafield tag="791" ind1="0" ind2="2">
    <subfield code="a">Typographia Reverendae Camerae Apostolicae</subfield>
    <subfield code="3">IT\ICCU\CNCT\002739</subfield>
    <subfield code="z">Stamperia Camerale &lt;Roma&gt;</subfield>
  </datafield>
  <datafield tag="791" ind1="0" ind2="2">
    <subfield code="a">Impressores Camerales</subfield>
    <subfield code="3">IT\ICCU\CNCT\003607</subfield>
    <subfield code="z">Stamperia Camerale &lt;Roma&gt;</subfield>
  </datafield>
  <datafield tag="791" ind1="0" ind2="2">
    <subfield code="a">Stamperia della reverenda Camera Apostolica</subfield>
    <subfield code="3">IT\ICCU\CNCT\005740</subfield>
    <subfield code="z">Stamperia Camerale &lt;Roma&gt;</subfield>
  </datafield>
  <datafield tag="791" ind1="0" ind2="2">
    <subfield code="a">Stampatori Camerali</subfield>
    <subfield code="3">IT\ICCU\CNCT\005741</subfield>
    <subfield code="z">Stamperia Camerale &lt;Roma&gt;</subfield>
  </datafield>
  <datafield tag="791" ind1="0" ind2="2">
    <subfield code="a">Typographi Camerales</subfield>
    <subfield code="3">IT\ICCU\CNCT\005742</subfield>
    <subfield code="z">Stamperia Camerale &lt;Roma&gt;</subfield>
  </datafield>
  <datafield tag="801" ind1=" " ind2="3">
    <subfield code="a">IT</subfield>
    <subfield code="b">ICCU</subfield>
    <subfield code="c">20201114</subfield>
  </datafield>
  <datafield tag="899" ind1=" " ind2=" ">
    <subfield code="a">Biblioteca comunale Sperelliana. Gubbio</subfield>
    <subfield code="1">PG0049</subfield>
    <subfield code="2">UM1 11</subfield>
  </datafield>
  <datafield tag="899" ind1=" " ind2=" ">
    <subfield code="a">Biblioteca Angelica. Roma</subfield>
    <subfield code="1">RM0290</subfield>
    <subfield code="2">RML 06</subfield>
  </datafield>
  <datafield tag="899" ind1=" " ind2=" ">
    <subfield code="a">Biblioteca d&apos;arte del Museo civico Correr. Venezia</subfield>
    <subfield code="1">VE0039</subfield>
    <subfield code="2">VEA BC</subfield>
  </datafield>
</record>
</collection>
